2447 3211
402 1074 563 1103 Numerus
598 1077 832 1104 erustaceorum
862 1084 943 1113 quae
967 1073 1007 1104 ad
1031 1074 1160 1104 faunam
1186 1073 1474 1114 Senegambensem
1502 1074 1678 1113 pertinent,
1706 1074 1869 1114 descriptis
1886 1075 1935 1105 his
1951 1075 2067 1115 specie-

314 1153 372 1183 bus
404 1153 443 1183 ad
468 1154 579 1194 viginti
601 1158 631 1184 et
651 1158 789 1194 quatuor
806 1160 932 1191 auctus,
957 1155 1062 1184 minor
1085 1158 1193 1185 tamen
1217 1153 1320 1185 adhuc
1343 1153 1468 1184 videtur
1492 1164 1587 1193 quam
1612 1157 1648 1184 ut
1672 1154 1791 1194 aliquid
1815 1155 1892 1185 certi
1916 1155 1991 1185 inde
2014 1155 2067 1186 de-

314 1234 386 1264 duci
411 1235 518 1274 possit.

403 1316 490 1345 Haec
515 1319 623 1346 autem
646 1325 732 1345 nuno
756 1315 916 1346 habemus.

402 1395 427 1425 E
460 1396 587 1426 Guinea
619 1395 817 1436 undeviginti
849 1396 967 1436 species
1000 1396 1198 1432 enumeravi,
1231 1406 1311 1435 quae
1344 1396 1459 1436 partim
1484 1395 1522 1425 ad
1549 1396 1593 1426 St.
1621 1394 1930 1435 George-del-mina,
1956 1396 2069 1435 partini

311 1475 351 1505 ad
378 1476 500 1516 Boutry
525 1480 636 1516 captae
660 1479 751 1512 sunt,
776 1476 862 1516 quod
886 1475 944 1506 sub
969 1486 1094 1516 quaque
1117 1476 1221 1517 specie
1244 1475 1390 1506 indicavi.

400 1555 448 1585 Ex
479 1556 526 1586 his
558 1555 726 1587 duodecim
756 1566 856 1586 novae
881 1559 971 1587 erant
994 1556 1130 1596 species,
1156 1566 1193 1587 ex
1217 1556 1284 1587 sola
1308 1556 1435 1586 Guiuea
1459 1555 1587 1592 allatae,
1613 1565 1739 1595 nempe:
1767 1555 1906 1585 Posidon
1930 1555 2067 1591 validus,

312 1635 492 1666 Gelasimus
517 1636 671 1676 perlatus,
696 1636 882 1666 Cardisoma
906 1640 1079 1673 armatum,
1105 1636 1245 1676 Grapsus
1270 1636 1366 1673 Pelii,
1392 1637 1534 1676 Grapsus
1559 1635 1708 1675 simplex,
1735 1637 1881 1666 Sesarma
1912 1635 2067 1671 violacea,

313 1718 458 1746 Sesarma
482 1716 624 1757 elegans,
650 1716 788 1757 Calappa
812 1716 1049 1757 rubroguttata,
1082 1717 1221 1757 Calappa
1246 1716 1340 1753 Pelii,
1367 1716 1525 1757 Scyllarus
1555 1715 1746 1752 Herklotsii,
1768 1715 1920 1746 Palemon
1948 1726 2068 1745 maero-

313 1796 480 1834 braehion,
507 1796 631 1836 Squilla
656 1797 822 1828 Hoevenii.

401 1878 492 1907 Duae
524 1880 685 1916 praeterea
716 1881 747 1907 et
777 1877 811 1907 in
841 1878 966 1907 Guinea
990 1882 1021 1907 et
1045 1878 1077 1907 in
1104 1877 1314 1917 Senegambia
1337 1881 1479 1917 repertae
1503 1880 1592 1913 sunt,
1623 1876 1770 1916 Plagusia
1795 1886 1962 1916 squamosa
1987 1876 2068 1906 Bosc

311 1963 341 1987 et
367 1959 514 1987 Sesarma
538 1957 689 1987 Africana
712 1957 797 1987 Edw.

399 2039 473 2067 Una
497 2048 533 2067 ex
558 2038 695 2077 Japonia
719 2042 786 2068 erat
809 2037 918 2067 allata:
946 2037 1106 2078 Scyllarus
1131 2038 1277 2068 Dehaani
1303 2049 1328 2067 V.
1356 2037 1438 2067 Sieb.

399 2119 490 2148 Duae
529 2117 568 2147 ad
607 2118 867 2148 Promontorium
907 2118 1016 2148 Bonae
1057 2118 1130 2158 Spei
1167 2117 1351 2148 observatae
1390 2122 1494 2153 erant,
1536 2117 1683 2157 Plagusia
1722 2127 1890 2156 squamosa
1923 2117 2004 2146 Bosc
2036 2121 2067 2146 et

310 2199 449 2239 Cyamus
475 2198 572 2228 ovalis
598 2198 741 2228 Roussel.

399 2279 472 2309 Una
496 2279 529 2308 in
554 2279 700 2309 America
723 2278 923 2309 meridionali
947 2278 1122 2308 iuvenitur:
1150 2278 1318 2308 Palinurus
1343 2282 1473 2308 ornatus
1500 2277 1572 2307 Fab.

400 2360 547 2395 Unicam,
561 2359 777 2399 Thelphusam
791 2359 969 2389 aurantiam
984 2358 1114 2395 Herbst,
1129 2369 1166 2389 ex
1180 2358 1274 2388 India
1287 2358 1433 2389 orientali
1447 2357 1505 2388 sibi
1519 2357 1647 2387 allatam
1661 2357 1758 2386 fuisse
1772 2359 1927 2386 memorat
1938 2355 2064 2385 Herbst.

400 2439 548 2480 Plagusia
568 2450 736 2480 squamosa
748 2440 902 2470 latissime
915 2439 1070 2479 dispersa,
1084 2442 1208 2479 praeter
1221 2438 1395 2473 Guineam,
1411 2437 1653 2477 Senegambiam
1672 2441 1702 2466 et
1722 2436 1981 2466 Promontorium
2002 2435 2063 2465 Bo-

311 2530 369 2549 nae
395 2520 467 2559 Spei
494 2520 589 2550 etiam
614 2520 704 2550 Mare
729 2519 859 2549 rubrum
885 2522 916 2549 et
941 2519 1032 2549 Mare
1055 2518 1198 2549 indicum
1222 2518 1389 2549 inhabitat.
