2457 3226
1249 132 1292 161 20

473 263 601 294 Praeter
631 263 702 294 illas
732 263 870 304 species,
903 274 982 304 quas
1007 265 1104 296 etiam
1129 265 1162 295 in
1188 266 1316 297 Guinea
1340 265 1518 298 observavit
1541 267 1614 313 Pel,
1638 267 1679 298 ad
1703 268 1834 299 faunam
1858 271 2148 312 Senegambensem

382 345 542 385 pertinent
574 344 725 385 Ocypode
755 355 865 376 cursor
892 346 963 376 Lin.
997 349 1027 377 et
1052 346 1159 377 Alima
1183 347 1313 388 hyalina
1338 348 1423 378 Latr.
1449 347 1490 378 ad
1503 348 1763 380 Promontorium
1788 349 1854 390 Cap
1869 354 1936 381 vert
1956 350 2077 382 dictum
2100 353 2147 382 in-

381 430 508 462 ventae‚·
537 430 606 455 tum
632 426 779 456 Sesarma
802 429 932 456 curvata
956 426 1058 464 Edw.‚
1084 428 1283 468 Leptopodia
1307 429 1491 469 sagittarius
1517 428 1591 460 Fab.
1617 433 1649 460 ct
1674 429 1792 460 Serolis
1818 429 1954 461 Fabricii
1980 432 2096 463 Leacli.

471 506 563 537 Quae
595 506 710 537 faunae
742 507 926 537 Insularum
955 507 1198 539 Canariensium
1231 508 1421 541 adnumerat
1456 509 1560 540 Milne
1584 509 1737 540 Edwards
1763 510 1924 552 Scyllarus
1948 512 2032 543 latus
2058 514 2142 543 Latr.

379 587 499 627 'Pyphis
524 587 609 618 ferus
634 587 719 618 Edw.
744 592 776 618 et
799 588 919 629 'ryphis
943 599 1038 630 rapax
1063 589 1166 627 Edw.‚
1191 589 1336 620 nondum
1360 590 1392 620 in
1410 590 1519 621 Africa
1543 593 1619 621 sunt
1643 590 1818 622 observata.

468 668 494 698 Ε
519 672 649 699 centum
674 674 705 699 et
729 669 841 710 viginti
868 669 1047 710 speciebus,
1076 681 1154 711 quas
1181 681 1197 701 e
1223 671 1448 701 Promontorio
1474 671 1584 702 Bonae
1610 671 1684 712 Spei
1711 676 1877 703 enumerat
1905 672 2038 710 Krauss,
2064 673 2147 704 duae

378 752 521 785 tantum,
554 750 601 780 uti
630 750 697 789 jam
728 760 824 790 supra
847 750 998 786 indicavi,
1027 751 1174 791 Plagusia
1198 762 1367 792 squamosa
1392 752 1474 783 Bosc
1498 755 1530 783 et
1554 752 1695 794 Cyamus
1721 753 1819 783 ovalis
1845 753 1959 783 Rouss.
1987 754 2084 784 etiam
2106 754 2145 784 ad

378 831 485 861 littora
510 831 719 862 occidentalia
743 831 887 862 habitare
911 831 1069 869 videntur,
1097 837 1131 862 ut
1150 833 1244 873 plane
1265 833 1449 864 distinctam
1471 843 1539 864 esse
1559 833 1691 864 faunam
1713 833 1891 875 Capensem
1912 835 1990 865 satis
2011 839 2145 866 constet.

465 912 492 942 E
513 912 655 952 partibus
676 913 874 944 intermediis
895 912 1037 950 Africae,
1059 914 1222 954 Congonis
1243 919 1275 945 et
1295 914 1441 955 Angolae
1454 913 1632 952 litton'bus‚
1647 914 1736 945 nulla
1752 920 1931 951 crustaeeu,
1946 916 2051 956 quoad
2065 917 2144 952 scio,

378 992 535 1033 descripta
558 998 648 1023 sunt:
674 993 775 1033 magis
801 994 882 1024 forte
906 1004 979 1024 cum
1004 994 1132 1034 regione
1145 995 1281 1036 Capensi
1296 995 1352 1026 lias
1366 996 1536 1026 convenire
1548 995 1694 1036 regiones
1708 995 1887 1037 probabunt
1901 996 2146 1028 observationes.

465 1076 516 1105 An
546 1074 769 1115 coniungenda
800 1075 863 1105 sint
898 1075 1020 1116 reliqua
1057 1075 1164 1106 littora
1189 1076 1413 1113 occidentalia,
1439 1076 1586 1107 Guineae
1611 1080 1642 1106 et
1667 1076 1913 1117 Senegambiae,
1939 1077 2144 1109 ulterioribus

371 1155 672 1197 investigationibus
702 1156 949 1198 relinquendum
982 1162 1042 1194 est;
1075 1156 1237 1197 probabile
1269 1157 1405 1193 videtur,
1438 1157 1538 1188 fluctu
1561 1157 1702 1187 africano
1734 1158 1992 1198 septentrionali,
2017 1159 2072 1200 qui
2099 1169 2136 1189 ex

373 1237 502 1267 Oceano
526 1237 678 1268 atlantico
704 1237 883 1275 descendit,
908 1237 1075 1269 ambarum
1099 1238 1270 1279 regionum
1296 1238 1405 1268 littora
1429 1238 1650 1279 amplectente.

462 1319 537 1349 Quo
559 1318 682 1349 facilius
706 1323 932 1360 comparentur
955 1319 1097 1350 diversae
1118 1319 1262 1360 regiones
1283 1319 1533 1360 carcinologicae
1554 1319 1682 1350 Africae
1702 1319 1909 1350 occidentalis
1930 1330 2041 1350 omnes
2058 1330 2144 1350 com-

372 1399 463 1440 posui
485 1404 515 1430 et
537 1400 569 1430 in
590 1399 699 1430 tabula
724 1400 883 1441 disposui,
909 1411 990 1442 quac
1014 1405 1083 1431 tum
1109 1411 1125 1431 e
1146 1400 1358 1442 Senegaxnbia
1380 1405 1411 1431 et
1435 1401 1578 1438 Guinea,
1592 1404 1661 1431 tum
1676 1411 1693 1431 e
1707 1401 1931 1431 Promontorio
1946 1401 2056 1432 Bonae
2070 1401 2143 1442 Spei

371 1480 583 1511 innotuerunt
600 1486 838 1512 crustaceorum
859 1482 986 1523 species.
1009 1482 1138 1523 Duplici
1159 1486 1237 1513 nota
1250 1482 1371 1523 signavi
1385 1482 1521 1522 species,
1536 1492 1615 1521 quas
1630 1481 1901 1512 characteristic-as
1915 1481 1992 1512 dicit
2006 1482 2142 1518 Krauss,

381 1566 411 1592 et
443 1562 593 1593 asterisco
630 1566 674 1603 (τ)
703 1573 766 1600 eas,
799 1573 894 1603 (piae,
920 1563 1007 1593 nulla
1040 1563 1182 1594 ulteriori
1203 1564 1263 1593 loci
1283 1564 1449 1594 mentione
1470 1563 1572 1599 sacta,
1595 1563 1676 1603 parti
1698 1563 1898 1593 meridionali
1924 1562 2051 1594 Africae
2075 1573 2146 1603 pro-

375 1643 461 1684 priae
473 1647 549 1674 sunt
558 1657 566 1681 ,ς
580 1655 657 1674 num
672 1648 778 1675 autem
792 1649 915 1681 centra,
929 1655 1011 1686 quac
1023 1644 1086 1675 illis
1099 1644 1263 1685 speciebus
1277 1644 1398 1675 indicat
1412 1645 1550 1681 Krauss,
1565 1654 1672 1674 revera
1685 1656 1703 1674 a
1717 1655 1751 1675 se
1764 1644 1900 1674 invicem
1914 1643 2142 1684 distinguenda

373 1724 437 1754 sint
458 1725 562 1765 aptius
577 1724 805 1755 diiudicabitur
817 1725 946 1767 quando
960 1730 991 1756 et
1006 1725 1115 1756 Fauna
1135 1725 1281 1756 littorum
1295 1726 1542 1756 occidentalium
1555 1726 1814 1756 meridionalium
1829 1730 1859 1756 et
1874 1725 2141 1756 Mozambicensis

372 1806 487 1837 melius
512 1811 604 1837 erunt
629 1807 817 1847 exploratae.
