2447 3211
1163 113 1179 141 ⁸1

292 267 418 293 tantum
449 265 538 298 sunt3
572 261 701 291 unicum
734 264 842 290 autem
873 260 1033 300 specimen
1065 259 1211 289 adultum
1236 257 1447 288 masculinnm
1471 257 1551 293 vidi,
1577 267 1632 287 nec
1659 257 1793 287 feminae
1818 256 1945 287 adultae
1971 256 2046 287 ado

291 346 377 379 rant,·
408 341 499 382 plura
530 341 703 381 specimina
726 340 898 370 latitudine
925 338 980 369 18'''
1004 339 1205 380 longitudine
1232 334 1286 368 12⁸
1311 337 1501 374 metiebant3
1534 338 1558 367 si
1584 341 1732 367 constans
1757 337 1833 367 haec
1857 337 2046 377 magnitudo

293 422 488 462 probaretur,
513 431 594 461 quae
617 431 702 451 nune
727 420 839 450 aetatis
864 420 954 459 signa
978 419 1078 449 haheo
1103 418 1286 448 discrimina
1311 428 1425 447 novam
1449 417 1585 457 speciem
1604 416 2003 456 admittendamjuberent.

426 503 525 532 Lecta
549 511 647 542 propo
672 501 803 541 Boutry.

887 706 1024 746 Suhgen.
1050 706 1327 737 CARDISOMA.
1354 706 1456 734 Lara.

932 811 1123 834 CARDISOMA
1143 811 1310 834 ARMATUM
1330 818 1356 832 N.
1378 817 1414 831 sia

381 962 521 991 ‘'l'horace
546 960 682 995 elevato,
708 959 747 989 ad
772 959 869 989 latera
894 959 978 989 linea
1003 958 1184 999 granulata,
1210 957 1288 987 duas
1313 957 1423 987 tertias
1446 956 1583 985 thoracis
1609 959 1713 995 part-cs
1728 959 1904 995 occupante
1917 959 2048 988 ornato;

292 1043 409 1084 angulo
433 1046 562 1073 externo
587 1040 760 1071 orbitarum
786 1040 914 1080 spinoso
920 1052 927 1075 ,-
949 1039 1055 1069 fronte
1075 1039 1210 1075 deflexa,
1230 1037 1357 1067 tertiam
1378 1036 1516 1067 thoracis
1536 1035 1716 1065 latitudinis
1737 1039 1858 1075 partem
1880 1040 2048 1074 aequantffl

292 1124 390 1154 chelis
414 1122 514 1163 spinis
537 1126 568 1152 et
593 1121 770 1151 tuberculis
795 1121 941 1156 armatis3
966 1119 1100 1160 pedibus
1126 1117 1356 1148 hirsutissimis.

893 1200 1043 1230 Thoracis
1067 1199 1145 1230 latit.
1174 1194 1243 1229 7:2'''
1266 1198 1348 1238 long.
1374 1193 1453 1227 63¹⁰.

381 1284 507 1315 Thorax
538 1283 680 1322 margine
713 1282 818 1312 antico
854 1281 1021 1321 tripartito.
1048 1279 1161 1310 Orbita
1185 1283 1313 1310 externe
1337 1278 1427 1318 spina
1450 1281 1559 1314 acuta,
1584 1287 1666 1317 pone
1690 1288 1785 1316 qnam
1810 1277 1917 1306 carina
1941 1276 2049 1306 latera>

295 1366 331 1395 lis
356 1365 446 1405 spina
465 1364 580 1394 minori
601 1363 727 1403 incipit,
748 1362 855 1393 carina
875 1361 1042 1402 granulata
1067 1365 1098 1391 et
1121 1371 1175 1401 per
1200 1360 1277 1390 duas
1298 1363 1425 1390 tantum
1445 1358 1554 1388 tertias
1568 1361 1672 1398 partes
1685 1357 1823 1387 thoracis
1836 1356 1997 1397 producta.
2012 1376 2053 1377 je

294 1445 412 1476 Chelae
442 1444 669 1480 crassissimae,
702 1443 813 1474 dextra
844 1442 957 1483 majori
966 1455 973 1479 3
998 1441 1126 1472 brachia
1150 1441 1289 1481 trigona,
1315 1440 1355 1470 ad
1379 1438 1512 1479 angulos
1536 1437 1700 1468 inferiores
1725 1437 1823 1478 spinis
1848 1437 1956 1470 rectis,
1982 1437 2055 1466 sim>

295 1525 445 1566 plicibus,
478 1526 510 1555 in
544 1524 704 1565 superiore
735 1523 852 1563 angulo
884 1522 1048 1553 tubercula
1079 1522 1240 1561 elongata,
1270 1519 1405 1561 pectinis
1429 1518 1572 1549 adinstar
1595 1517 1728 1558 digitata
1750 1517 1799 1547 vel
1822 1517 1923 1557 plicae
1946 1526 2056 1547 crenuff

295 1607 391 1643 latae,
416 1610 517 1636 totam
547 1604 747 1645 superficiem
768 1607 930 1634 externam
951 1602 1113 1638 ornantia,
1134 1602 1296 1642 spinarum
1316 1600 1385 1630 loco
1406 1599 1624 1635 inveniuntur,
1650 1608 1730 1638 quae
1757 1598 1797 1627 ad
1821 1597 2055 1628 extremitatem

295 1687 394 1727 magis
426 1687 588 1726 spinarum
622 1686 757 1715 formam
788 1684 936 1714 induunt.
969 1684 1091 1723 Carpus
1127 1681 1434 1717 subrhomboidalis,
1466 1679 1584 1720 angulo
1620 1668 1774 1718 superiori
1800 1677 1942 1717 spinoso,
1969 1680 1999 1707 et
2024 1677 2054 1705 in

295 1771 383 1807 parte
402 1767 528 1797 interna
548 1766 639 1806 spina
659 1765 721 1796 alia
734 1765 852 1801 minor‚·
866 1765 992 1795 interne
1005 1763 1117 1800 laevis,
1132 1766 1262 1794 externe
1275 1761 1472 1802 spinulosns,
1486 1759 1620 1800 spinulis
1636 1759 1744 1799 paucis
1758 1758 1922 1798 appressis.
1936 1757 2055 1786 Manus

295 1848 485 1884 latissimae,
507 1846 672 1876 dimidiam
690 1845 925 1886 longitudinem
951 1845 1048 1881 latae3
1074 1845 1198 1874 interne
1223 1842 1322 1883 spinis
1347 1840 1538 1881 quibusdam
1563 1840 1640 1870 satis
1655 1839 1779 1879 magnis
1793 1839 1984 1872 instructae,
2000 1847 2052 1866 ex*

297 1933 386 1959 terne
418 1928 451 1957 in
484 1927 579 1968 plano
611 1937 724 1956 manus
757 1936 848 1966 parce
879 1925 1082 1965 granulosae,
1111 1924 1150 1954 ad
1186 1923 1318 1964 angulos
1343 1926 1451 1952 autem
1475 1920 1616 1961 granulis
1640 1919 1806 1955 confertis,
1831 1918 1969 1958 magnis,
1994 1918 2055 1957 spi-

296 2008 485 2039 niformibus
516 2012 572 2038 aut
600 2005 923 2037 tuberculil'ormibus.
960 2005 1063 2046 Digiti
1094 2015 1159 2035 non
1189 2004 1251 2034 nisi
1283 2003 1371 2044 apice
1395 2013 1427 2033 se
1451 2005 1604 2040 tangunt,
1630 2001 1662 2030 in
1687 2010 1783 2029 manu
1809 1998 1923 2028 minori
1949 1998 1997 2027 uti
2023 2002 2053 2026 ct

296 2090 329 2118 in
367 2088 540 2119 individuis
575 2087 756 2127 junioribus
795 2086 989 2117 subcarinati
1029 2089 1112 2115 sunt.
1146 2085 1278 2115 Femora
1310 2083 1417 2113 omnia
1449 2081 1607 2117 scabrata,
1640 2080 1768 2120 spinosa
1799 2078 1839 2108 ad
1867 2078 1988 2118 apicem
2024 2077 2054 2105 in

296 2170 439 2209 margine
462 2168 634 2209 superiori,
659 2168 796 2208 pilorum
828 2167 932 2207 plures
957 2167 1064 2197 ferunt
1088 2165 1252 2206 penicillos
1276 2164 1316 2194 ad
1340 2163 1472 2203 angulos
1497 2162 1662 2192 inferiores
1687 2161 1719 2190 in
1732 2160 1854 2190 carinas
1873 2158 2051 2198 productos.

295 2249 405 2280 Tibiae
436 2253 467 2280 et
498 2249 661 2279 metatarsi
696 2248 880 2288 compressi,
905 2247 944 2277 ad
969 2246 1103 2287 angulos
1128 2246 1303 2286 superiores
1328 2243 1509 2275 istiusmodi
1534 2242 1697 2282 penicillos
1721 2240 1857 2280 pilorum
1881 2239 1986 2279 plures
2010 2239 2050 2268 fc>

298 2333 387 2366 runt,
419 2329 492 2360 illae
524 2330 620 2360 etiam
651 2330 684 2358 in
716 2328 830 2360 carinis
860 2327 983 2358 duabus
1008 2327 1146 2357 externis
1171 2330 1202 2357 et
1225 2327 1259 2356 in
1283 2326 1378 2356 unica
1402 2325 1545 2360 interna,
1571 2323 1602 2352 hi
1624 2323 1656 2352 in
1681 2322 1788 2352 carina
1811 2321 1937 2350 interna
1961 2323 1993 2348 et
2017 2318 2053 2347 ad

300 2410 432 2450 angulos
449 2409 621 2441 inferiores.
646 2410 735 2440 Tarsi
760 2408 921 2449 quadrati,
947 2407 1071 2448 angulis
1096 2407 1270 2447 spiniferis,
1296 2405 1394 2446 spinis
1414 2404 1568 2436 seriorum
1582 2399 1939 2443 superiorummaximis
1952 2405 1981 2428 et
1996 2399 2050 2428 fro

303 2490 538 2531 quentioribus,
570 2490 755 2520 inferiorum
787 2489 951 2520 dimidiam
983 2489 1058 2519 tarsi
1090 2492 1211 2528 partem
1244 2491 1369 2517 tantum
1401 2489 1564 2525 occupant.
1599 2485 1725 2521 Septem
1758 2481 1997 2520 conspiciuntur
2026 2480 2058 2508 in
