2457 3226
351 284 432 315 latus
464 285 584 321 antico,
617 284 732 314 frontis
764 294 872 324 margo
900 283 1040 315 anterior
1071 282 1179 312 miuus
1211 281 1312 318 latus,
1345 280 1450 312 medio
1482 281 1616 318 incisus,
1649 281 1805 321 epistoma
1836 282 1932 313 latius
1956 286 1989 314 et
2011 284 2119 314 minus

352 365 557 404 productum,
593 364 752 405 margines
787 364 928 394 thoracis
963 362 1127 399 laterales,
1165 360 1305 398 orbitae,
1342 361 1477 398 frontis,
1514 361 1598 392 linea
1629 361 1663 391 in
1700 365 1789 402 parte
1820 362 1973 403 superiori
2006 362 2120 394 frontis

351 445 449 484 magis
474 443 573 484 glabri
599 449 690 481 suut,
716 445 883 475 incrassati
907 454 966 475 nee
990 442 1159 484 granulati.

485 525 583 555 Lecta
607 524 647 554 ad
673 526 718 555 St.
745 524 1051 566 George-del-mina.

1021 653 1104 686 Gen.
1133 649 1324 685 OCYPODE
1352 649 1452 685 Fami.

949 749 1087 790 Subgeu.
1116 748 1381 779 GELASIMUS
1411 749 1514 779 LATR.

987 847 1178 871 GELASIML'S
1198 847 1370 871 PERLATcs
1390 855 1415 870 x.
1436 856 1473 870 εν.

439 993 580 1023 Thorace
605 992 709 1023 antioc
734 993 846 1023 latiore
870 1003 966 1033 quani
991 994 1130 1034 postice,
1155 993 1339 1035 granulato3
1365 994 1470 1023 fronte
1494 992 1578 1022 inter
1601 995 1759 1022 antennas
1785 992 1938 1032 producta
1959 993 1991 1022 in
2014 992 2122 1023 lohum

353 1074 578 1110 1·0t1mdatun1;
603 1073 702 1105 chelis
726 1078 856 1104 externe
881 1073 1073 1114 granulatiS,
1099 1074 1209 1116 digitis
1234 1085 1350 1104 manus
1374 1071 1592 1113 longitudinis.

1429 1149 1466 1191 ''',
1491 1153 1594 1194 longit
1619 1149 1700 1183 25¹⁰.

728 1155 879 1185 Thoracis
904 1155 984 1186 latit.
1010 1156 1116 1187 antice
1141 1151 1212 1186 33”’
1238 1155 1359 1196 postico
1383 1156 1420 1185 21

350 1237 476 1266 Thorax
508 1239 596 1267 totus
627 1235 814 1276 granulatus
846 1240 878 1267 et
909 1241 1099 1278 gemmatus.
1126 1237 1244 1268 Latera
1267 1236 1375 1267 carina
1399 1235 1569 1276 granulata
1593 1234 1766 1271 instructa,
1791 1235 1980 1266 tenuissime
2004 1246 2119 1275 granu-

352 1318 431 1355 lata,
467 1317 607 1359 partium
643 1316 831 1348 inferiorum
867 1317 1010 1358 granulis
1044 1317 1229 1348 maioribus.
1262 1317 1378 1358 Margo
1412 1315 1558 1346 frontalis
1591 1315 1631 1346 ad
1663 1315 1761 1346 latera
1793 1315 1910 1355 angulo
1943 1316 2007 1347 fere
2039 1320 2124 1347 recto

351 1399 478 1439 incipit,
503 1403 573 1429 tum
598 1408 711 1439 parum
736 1397 933 1438 producitur,
957 1409 1053 1440 supra
1077 1403 1293 1429 antennarum
1317 1397 1528 1428 insertionem
1552 1396 1660 1427 sinum
1685 1395 1860 1426 intrantem
1885 1396 1962 1427 facit
1986 1402 2017 1428 et
2041 1397 2125 1428 inter

351 1484 506 1511 antennas
539 1478 674 1520 abrupte
702 1478 890 1519 producitur
912 1479 947 1510 in
970 1479 1123 1510 laminam
1148 1478 1441 1510 interantennalem
1465 1476 1751 1515 seinicircnlareim
1776 1476 1835 1507 sub
1859 1478 2008 1508 antennis
2032 1478 2123 1519 spina

352 1560 466 1591 obtusa
497 1565 529 1591 ct
560 1570 644 1601 ponc
672 1559 755 1590 hanc
779 1559 982 1591 tuberculum
1007 1561 1149 1602 granulis
1174 1559 1417 1602 spiniformibus
1443 1558 1583 1589 obsitum
1609 1558 1642 1588 in
1667 1557 1769 1589 canali
1795 1558 1922 1589 oculari.
1948 1559 2123 1589 Oculorum

355 1642 524 1682 pezluncnli
561 1641 689 1673 tertiani
726 1641 865 1672 thoracis
900 1645 1022 1682 partem
1058 1641 1263 1683 longitudine
1298 1640 1394 1682 paulo
1429 1643 1631 1680 superantes3
1667 1639 1777 1669 canthi
1808 1639 1952 1680 margine
1982 1639 2124 1670 inferiori

353 1722 732 1761 granulato-sulidentati.
754 1740 796 1743 —
818 1722 936 1753 Chelae
961 1722 1106 1759 maioris,
1131 1723 1165 1753 in
1178 1721 1319 1753 maribus
1333 1720 1468 1758 adultis,
1482 1719 1956 1760 brachiumtrigonumangulo
1969 1721 2123 1761 superiori

355 1803 542 1841 rotundato,
580 1803 664 1833 latus
700 1803 833 1833 inferius
869 1803 1017 1843 planum,
1053 1803 1178 1844 angulis
1220 1801 1368 1833 omnibus
1404 1801 1598 1842 granulatis3
1630 1811 1743 1842 carpus
1775 1800 1978 1841 granulatus;
2010 1812 2124 1832 manus

355 1885 492 1915 thoracis
524 1884 729 1915 latitudinem
762 1884 915 1924 majorem
947 1884 1042 1925 paulo
1074 1895 1243 1925 superans,
1275 1894 1470 1925 compressa,
1502 1882 1541 1912 ad
1575 1881 1665 1912 basin
1697 1886 1786 1923 parte
1815 1882 1976 1922 superiore
2001 1882 2122 1919 lobata,

355 1971 484 1996 externe
508 1965 685 2006 granulata.
711 1965 815 2005 Digiti
838 1966 1026 2006 compressi,
1052 1965 1176 1996 minute
1201 1964 1377 2005 granulati,
1403 1964 1547 2004 margine
1572 1968 1704 1994 externo
1729 1963 1870 2003 granulis
1891 1963 1955 1994 sere
1975 1964 2123 2004 spinisor-

355 2047 473 2084 nulius,
506 2047 586 2077 faeie
616 2047 743 2076 interna
774 2046 868 2083 laevi,
900 2046 1009 2077 carina
1041 2046 1171 2087 obliqua
1204 2056 1318 2076 manus
1350 2045 1479 2086 perlata.
1513 2044 1613 2076 Chcla
1644 2044 1750 2074 minor
1780 2044 1814 2074 iu
1838 2044 1979 2075 maribus
2004 2044 2121 2085 pedum

356 2127 551 2158 anteriorum
587 2127 759 2158 articulum
797 2127 946 2157 ultimum
982 2138 1046 2157 non
1078 2127 1219 2167 attingit.
1253 2126 1389 2157 Brachia
1420 2126 1577 2157 semorum
1611 2125 1746 2156 formam
1779 2125 1990 2162 aemulantia,
2021 2125 2123 2165 carpis

357 2219 450 2248 ⁴supra
491 2208 654 2245 com-exis,
692 2208 780 2249 apice
817 2208 935 2245 acutis,
968 2208 1076 2249 digitis
1108 2208 1247 2245 inflexis,
1278 2207 1432 2238 lateribus
1465 2207 1582 2248 pilosis.
1615 2225 1657 2228 —
1690 2205 1813 2237 Pedum
1845 2206 1965 2236 femora
1997 2206 2122 2245 trigona

358 2290 482 2330 angulis
515 2289 680 2326 carinatis,
713 2289 828 2319 carinis
860 2289 1051 2329 granulatis‚
1085 2289 1202 2330 angulo
1234 2289 1396 2329 superiore
1427 2287 1656 2328 snbspinifcro,
1688 2286 1841 2318 lateribus
1865 2297 2001 2328 superne
2034 2287 2121 2317 intus

358 2377 389 2400 <tt
421 2376 512 2401 extus
545 2370 729 2411 granulatis.
762 2370 873 2401 'sibiae
905 2374 1035 2401 externo
1068 2370 1301 2407 unicarinatac,
1334 2370 1366 2399 in
1398 2368 1556 2406 secundo,
1590 2368 1685 2399 tertio
1711 2372 1742 2399 et
1768 2372 1882 2407 quarto
1912 2368 2028 2408 pedum
2054 2369 2121 2409 pari

360 2452 465 2481 carina
490 2451 675 2491 granulata3
700 2451 732 2481 in
759 2451 872 2491 quinto
897 2450 1008 2482 laeves.

363 2533 399 2562 ln
433 2531 616 2570 junioribus
652 2532 763 2562 thorax
801 2532 907 2563 minus
943 2532 1129 2573 grannlatns
1163 2536 1225 2569 est,
1259 2536 1288 2562 et
1322 2532 1354 2562 in
1389 2531 1561 2562 senioribus
1594 2530 1745 2572 tibiisque
1776 2530 1902 2560 carinae
1941 2529 2123 2560 crcnnlatae
