<?xml version="1.0" encoding="UTF-8"?>
<!DOCTYPE html PUBLIC "-//W3C//DTD XHTML 1.0 Transitional//EN"
    "http://www.w3.org/TR/xhtml1/DTD/xhtml1-transitional.dtd">
<html xmlns="http://www.w3.org/1999/xhtml" xml:lang="en" lang="en">
 <head>
  <title>
</title>
<meta http-equiv="Content-Type" content="text/html;charset=utf-8" />
  <meta name='ocr-system' content='tesseract 3.04.00' />
  <meta name='ocr-capabilities' content='ocr_page ocr_carea ocr_par ocr_line ocrx_word'/>
</head>
<body>
  <div class='ocr_page' id='page_1' title='image "./specimenzoograph00herk_0021.png"; bbox 0 0 2447 3211; ppageno 0'>
   <div class='ocr_carea' id='block_1_1' title="bbox 298 257 2059 699">
    <p class='ocr_par' dir='ltr' id='par_1_1' title="bbox 298 257 2059 699">
     <span class='ocr_line' id='line_1_1' title="bbox 301 257 2059 300; baseline 0.002 -13"><span class='ocrx_word' id='word_1_1' title='bbox 301 257 503 288; x_wconf 77' lang='lat' dir='ltr'>transversim</span> <span class='ocrx_word' id='word_1_2' title='bbox 538 257 667 297; x_wconf 86' lang='lat' dir='ltr'>plicata,</span> <span class='ocrx_word' id='word_1_3' title='bbox 704 267 839 298; x_wconf 82' lang='lat' dir='ltr'>superne</span> <span class='ocrx_word' id='word_1_4' title='bbox 875 258 988 294; x_wconf 87' lang='lat' dir='ltr'>incisa,</span> <span class='ocrx_word' id='word_1_5' title='bbox 1024 257 1233 288; x_wconf 87' lang='lat' dir='ltr'>incisionibus</span> <span class='ocrx_word' id='word_1_6' title='bbox 1269 257 1358 298; x_wconf 89' lang='lat' dir='ltr'>spina</span> <span class='ocrx_word' id='word_1_7' title='bbox 1394 257 1494 293; x_wconf 88' lang='lat' dir='ltr'>brevi,</span> <span class='ocrx_word' id='word_1_8' title='bbox 1531 257 1641 288; x_wconf 83' lang='lat' dir='ltr'>mobili</span> <span class='ocrx_word' id='word_1_9' title='bbox 1673 258 1851 296; x_wconf 84' lang='lat' dir='ltr'>instructis,</span> <span class='ocrx_word' id='word_1_10' title='bbox 1876 260 1964 300; x_wconf 80' lang='lat' dir='ltr'>apice</span> <span class='ocrx_word' id='word_1_11' title='bbox 1988 260 2059 290; x_wconf 89' lang='lat' dir='ltr'>uni-</span> 
     </span>
     <span class='ocr_line' id='line_1_2' title="bbox 299 337 2059 380; baseline 0.001 -12"><span class='ocrx_word' id='word_1_12' title='bbox 299 338 442 378; x_wconf 83' lang='lat' dir='ltr'>spinosa,</span> <span class='ocrx_word' id='word_1_13' title='bbox 477 337 601 368; x_wconf 89' lang='lat' dir='ltr'>inferne</span> <span class='ocrx_word' id='word_1_14' title='bbox 635 337 822 375; x_wconf 80' lang='lat' dir='ltr'>rotundata,</span> <span class='ocrx_word' id='word_1_15' title='bbox 858 337 897 368; x_wconf 88' lang='lat' dir='ltr'>ad</span> <span class='ocrx_word' id='word_1_16' title='bbox 929 338 1051 378; x_wconf 79' lang='lat' dir='ltr'>apicem</span> <span class='ocrx_word' id='word_1_17' title='bbox 1082 337 1305 375; x_wconf 86' lang='lat' dir='ltr'>canaliculata,</span> <span class='ocrx_word' id='word_1_18' title='bbox 1338 337 1377 368; x_wconf 84' lang='lat' dir='ltr'>ad</span> <span class='ocrx_word' id='word_1_19' title='bbox 1409 337 1550 368; x_wconf 81' lang='lat' dir='ltr'>canalem</span> <span class='ocrx_word' id='word_1_20' title='bbox 1582 338 1678 368; x_wconf 88' lang='lat' dir='ltr'>trium</span> <span class='ocrx_word' id='word_1_21' title='bbox 1709 339 1904 370; x_wconf 83' lang='lat' dir='ltr'>anteriorum</span> <span class='ocrx_word' id='word_1_22' title='bbox 1935 339 2059 380; x_wconf 86' lang='lat' dir='ltr'>parium</span> 
     </span>
     <span class='ocr_line' id='line_1_3' title="bbox 299 417 2057 460; baseline 0.001 -12"><span class='ocrx_word' id='word_1_23' title='bbox 299 418 439 458; x_wconf 80' lang='lat' dir='ltr'>margine</span> <span class='ocrx_word' id='word_1_24' title='bbox 470 418 642 458; x_wconf 87' lang='lat' dir='ltr'>posteriore</span> <span class='ocrx_word' id='word_1_25' title='bbox 673 417 843 458; x_wconf 88' lang='lat' dir='ltr'>producto,</span> <span class='ocrx_word' id='word_1_26' title='bbox 868 418 1097 458; x_wconf 87' lang='lat' dir='ltr'>plurispinoso,</span> <span class='ocrx_word' id='word_1_27' title='bbox 1122 417 1264 458; x_wconf 83' lang='lat' dir='ltr'>margine</span> <span class='ocrx_word' id='word_1_28' title='bbox 1288 418 1429 448; x_wconf 82' lang='lat' dir='ltr'>inferiori</span> <span class='ocrx_word' id='word_1_29' title='bbox 1454 418 1649 459; x_wconf 88' lang='lat' dir='ltr'>unispinoso.</span> <span class='ocrx_word' id='word_1_30' title='bbox 1675 420 1736 449; x_wconf 89' lang='lat' dir='ltr'>Par</span> <span class='ocrx_word' id='word_1_31' title='bbox 1760 420 1916 459; x_wconf 81' lang='lat' dir='ltr'>posterius</span> <span class='ocrx_word' id='word_1_32' title='bbox 1940 419 2057 460; x_wconf 90' lang='lat' dir='ltr'>pedum</span> 
     </span>
     <span class='ocr_line' id='line_1_4' title="bbox 299 498 2057 540; baseline 0 -11"><span class='ocrx_word' id='word_1_33' title='bbox 299 499 440 539; x_wconf 83' lang='lat' dir='ltr'>margine</span> <span class='ocrx_word' id='word_1_34' title='bbox 472 499 594 539; x_wconf 89' lang='lat' dir='ltr'>postico</span> <span class='ocrx_word' id='word_1_35' title='bbox 625 498 794 539; x_wconf 85' lang='lat' dir='ltr'>producto,</span> <span class='ocrx_word' id='word_1_36' title='bbox 826 498 965 538; x_wconf 81' lang='lat' dir='ltr'>integro,</span> <span class='ocrx_word' id='word_1_37' title='bbox 999 498 1156 529; x_wconf 87' lang='lat' dir='ltr'>anteriore</span> <span class='ocrx_word' id='word_1_38' title='bbox 1188 499 1256 529; x_wconf 90' lang='lat' dir='ltr'>sine</span> <span class='ocrx_word' id='word_1_39' title='bbox 1286 499 1384 539; x_wconf 83' lang='lat' dir='ltr'>spina.</span> <span class='ocrx_word' id='word_1_40' title='bbox 1410 499 1484 529; x_wconf 87' lang='lat' dir='ltr'>Duo</span> <span class='ocrx_word' id='word_1_41' title='bbox 1508 499 1681 539; x_wconf 83' lang='lat' dir='ltr'>posteriora</span> <span class='ocrx_word' id='word_1_42' title='bbox 1707 500 1793 539; x_wconf 85' lang='lat' dir='ltr'>paria</span> <span class='ocrx_word' id='word_1_43' title='bbox 1817 511 1951 540; x_wconf 84' lang='lat' dir='ltr'>superne</span> <span class='ocrx_word' id='word_1_44' title='bbox 1976 511 2057 530; x_wconf 87' lang='lat' dir='ltr'>mar-</span> 
     </span>
     <span class='ocr_line' id='line_1_5' title="bbox 298 578 2056 620; baseline 0.001 -11"><span class='ocrx_word' id='word_1_45' title='bbox 298 579 413 619; x_wconf 84' lang='lat' dir='ltr'>ginata.</span> <span class='ocrx_word' id='word_1_46' title='bbox 445 579 555 610; x_wconf 81' lang='lat' dir='ltr'>Tibiae</span> <span class='ocrx_word' id='word_1_47' title='bbox 582 583 711 610; x_wconf 83' lang='lat' dir='ltr'>externe</span> <span class='ocrx_word' id='word_1_48' title='bbox 734 578 941 615; x_wconf 83' lang='lat' dir='ltr'>bicariuatae,</span> <span class='ocrx_word' id='word_1_49' title='bbox 966 579 1091 609; x_wconf 84' lang='lat' dir='ltr'>interne</span> <span class='ocrx_word' id='word_1_50' title='bbox 1115 579 1348 616; x_wconf 84' lang='lat' dir='ltr'>unicarinatae,</span> <span class='ocrx_word' id='word_1_51' title='bbox 1374 579 1445 620; x_wconf 89' lang='lat' dir='ltr'>pilis</span> <span class='ocrx_word' id='word_1_52' title='bbox 1470 579 1661 619; x_wconf 75' lang='lat' dir='ltr'>longissimis</span> <span class='ocrx_word' id='word_1_53' title='bbox 1687 580 1740 619; x_wconf 90' lang='lat' dir='ltr'>qui</span> <span class='ocrx_word' id='word_1_54' title='bbox 1766 584 1797 610; x_wconf 85' lang='lat' dir='ltr'>et</span> <span class='ocrx_word' id='word_1_55' title='bbox 1820 580 1853 610; x_wconf 90' lang='lat' dir='ltr'>in</span> <span class='ocrx_word' id='word_1_56' title='bbox 1878 580 2056 610; x_wconf 82' lang='lat' dir='ltr'>metatarsis</span> 
     </span>
     <span class='ocr_line' id='line_1_6' title="bbox 301 659 1500 699; baseline 0 -10"><span class='ocrx_word' id='word_1_57' title='bbox 301 659 383 690; x_wconf 83' lang='lat' dir='ltr'>obvii</span> <span class='ocrx_word' id='word_1_58' title='bbox 407 664 497 696; x_wconf 88' lang='lat' dir='ltr'>sunt,</span> <span class='ocrx_word' id='word_1_59' title='bbox 517 659 700 690; x_wconf 85' lang='lat' dir='ltr'>instructae.</span> <span class='ocrx_word' id='word_1_60' title='bbox 725 659 813 689; x_wconf 86' lang='lat' dir='ltr'>Tarsi</span> <span class='ocrx_word' id='word_1_61' title='bbox 839 659 936 699; x_wconf 79' lang='lat' dir='ltr'>spinis</span> <span class='ocrx_word' id='word_1_62' title='bbox 962 659 1088 695; x_wconf 77' lang='lat' dir='ltr'>validis,</span> <span class='ocrx_word' id='word_1_63' title='bbox 1113 659 1352 699; x_wconf 79' lang='lat' dir='ltr'>quadriseriatis</span> <span class='ocrx_word' id='word_1_64' title='bbox 1377 659 1500 689; x_wconf 86' lang='lat' dir='ltr'>muniti.</span> 
     </span>
    </p>
   </div>
   <div class='ocr_carea' id='block_1_2' title="bbox 432 739 804 779">
    <p class='ocr_par' dir='ltr' id='par_1_2' title="bbox 432 739 804 779">
     <span class='ocr_line' id='line_1_7' title="bbox 432 739 804 779; baseline -0.005 -9"><span class='ocrx_word' id='word_1_65' title='bbox 432 741 530 770; x_wconf 81' lang='lat' dir='ltr'>Lecta</span> <span class='ocrx_word' id='word_1_66' title='bbox 553 749 649 779; x_wconf 88' lang='lat' dir='ltr'>prope</span> <span class='ocrx_word' id='word_1_67' title='bbox 673 739 804 779; x_wconf 76' lang='lat' dir='ltr'>Boutry.</span> 
     </span>
    </p>
   </div>
   <div class='ocr_carea' id='block_1_3' title="bbox 964 844 1377 868">
    <p class='ocr_par' dir='ltr' id='par_1_3' title="bbox 964 844 1377 868">
     <span class='ocr_line' id='line_1_8' title="bbox 964 844 1377 868; baseline 0.002 -2"><span class='ocrx_word' id='word_1_68' title='bbox 964 844 1110 867; x_wconf 57' lang='lat' dir='ltr'>GRAPSUS</span> <span class='ocrx_word' id='word_1_69' title='bbox 1130 844 1274 868; x_wconf 80' lang='lat' dir='ltr'>SIMPLEX</span> <span class='ocrx_word' id='word_1_70' title='bbox 1296 853 1320 867; x_wconf 76' lang='lat' dir='ltr'>N.</span> <span class='ocrx_word' id='word_1_71' title='bbox 1341 853 1377 867; x_wconf 58' lang='lat'>51².</span> 
     </span>
    </p>
   </div>
   <div class='ocr_carea' id='block_1_4' title="bbox 291 956 2054 2058">
    <p class='ocr_par' dir='ltr' id='par_1_4' title="bbox 295 956 2054 1250">
     <span class='ocr_line' id='line_1_9' title="bbox 339 956 2054 1011; baseline 0.002 -13"><span class='ocrx_word' id='word_1_72' title='bbox 339 968 480 999; x_wconf 79' lang='lat' dir='ltr'>Thorace</span> <span class='ocrx_word' id='word_1_73' title='bbox 502 967 654 998; x_wconf 80' lang='lat' dir='ltr'>lateribus</span> <span class='ocrx_word' id='word_1_74' title='bbox 678 968 925 1005; x_wconf 81' lang='lat' dir='ltr'>subbideutatiS,</span> <span class='ocrx_word' id='word_1_75' title='bbox 959 969 1053 1000; x_wconf 91' lang='lat' dir='ltr'>dente</span> <span class='ocrx_word' id='word_1_76' title='bbox 1089 956 1305 1010; x_wconf 71' lang='lat' dir='ltr'>postanguhui</span> <span class='ocrx_word' id='word_1_77' title='bbox 1336 971 1485 1008; x_wconf 77' lang='lat' dir='ltr'>minimo3</span> <span class='ocrx_word' id='word_1_78' title='bbox 1520 971 1660 1002; x_wconf 86' lang='lat' dir='ltr'>anterius</span> <span class='ocrx_word' id='word_1_79' title='bbox 1685 971 1797 1002; x_wconf 88' lang='lat' dir='ltr'>latiore</span> <span class='ocrx_word' id='word_1_80' title='bbox 1827 982 1922 1011; x_wconf 91' lang='lat' dir='ltr'>quam</span> <span class='ocrx_word' id='word_1_81' title='bbox 1951 975 2054 1011; x_wconf 82' lang='lat' dir='ltr'>poste-</span> 
     </span>
     <span class='ocr_line' id='line_1_10' title="bbox 297 1048 2054 1092; baseline 0.002 -14"><span class='ocrx_word' id='word_1_82' title='bbox 297 1049 375 1086; x_wconf 83' lang='lat' dir='ltr'>rius,</span> <span class='ocrx_word' id='word_1_83' title='bbox 400 1048 551 1079; x_wconf 85' lang='lat' dir='ltr'>lateribus</span> <span class='ocrx_word' id='word_1_84' title='bbox 584 1048 712 1089; x_wconf 88' lang='lat' dir='ltr'>oblique</span> <span class='ocrx_word' id='word_1_85' title='bbox 742 1049 867 1089; x_wconf 86' lang='lat' dir='ltr'>plicato.</span> <span class='ocrx_word' id='word_1_86' title='bbox 904 1050 1022 1080; x_wconf 85' lang='lat' dir='ltr'>Fronte</span> <span class='ocrx_word' id='word_1_87' title='bbox 1056 1050 1226 1087; x_wconf 86' lang='lat' dir='ltr'>latissima,</span> <span class='ocrx_word' id='word_1_88' title='bbox 1263 1051 1399 1088; x_wconf 87' lang='lat' dir='ltr'>deflexa,</span> <span class='ocrx_word' id='word_1_89' title='bbox 1435 1052 1602 1091; x_wconf 83' lang='lat' dir='ltr'>granulata</span> <span class='ocrx_word' id='word_1_90' title='bbox 1626 1056 1657 1082; x_wconf 87' lang='lat' dir='ltr'>et</span> <span class='ocrx_word' id='word_1_91' title='bbox 1681 1051 1894 1089; x_wconf 82' lang='lat' dir='ltr'>tuberculata,</span> <span class='ocrx_word' id='word_1_92' title='bbox 1919 1062 2054 1092; x_wconf 87' lang='lat' dir='ltr'>superne</span> 
     </span>
     <span class='ocr_line' id='line_1_11' title="bbox 295 1129 2054 1170; baseline 0.001 -10"><span class='ocrx_word' id='word_1_93' title='bbox 295 1129 545 1169; x_wconf 83' lang='lat' dir='ltr'>quadri-lobata,</span> <span class='ocrx_word' id='word_1_94' title='bbox 569 1129 649 1160; x_wconf 89' lang='lat' dir='ltr'>lobis</span> <span class='ocrx_word' id='word_1_95' title='bbox 680 1129 764 1160; x_wconf 87' lang='lat' dir='ltr'>linea</span> <span class='ocrx_word' id='word_1_96' title='bbox 795 1129 902 1169; x_wconf 86' lang='lat' dir='ltr'>glabra</span> <span class='ocrx_word' id='word_1_97' title='bbox 925 1130 1089 1167; x_wconf 87' lang='lat' dir='ltr'>carinatis,</span> <span class='ocrx_word' id='word_1_98' title='bbox 1121 1131 1264 1170; x_wconf 76' lang='lat' dir='ltr'>margine</span> <span class='ocrx_word' id='word_1_99' title='bbox 1295 1132 1400 1162; x_wconf 83' lang='lat' dir='ltr'>antico</span> <span class='ocrx_word' id='word_1_100' title='bbox 1422 1132 1578 1163; x_wconf 85' lang='lat' dir='ltr'>levissime</span> <span class='ocrx_word' id='word_1_101' title='bbox 1602 1132 1737 1163; x_wconf 63' lang='lat' dir='ltr'>sinuato</span> <span class='ocrx_word' id='word_1_102' title='bbox 1763 1133 1905 1163; x_wconf 84' lang='lat' dir='ltr'>Braohiis</span> <span class='ocrx_word' id='word_1_103' title='bbox 1930 1133 2054 1162; x_wconf 85' lang='lat' dir='ltr'>interne</span> 
     </span>
     <span class='ocr_line' id='line_1_12' title="bbox 296 1210 1338 1250; baseline 0.002 -10"><span class='ocrx_word' id='word_1_104' title='bbox 296 1211 328 1240; x_wconf 91' lang='lat' dir='ltr'>in</span> <span class='ocrx_word' id='word_1_105' title='bbox 361 1210 489 1241; x_wconf 88' lang='lat' dir='ltr'>cristam</span> <span class='ocrx_word' id='word_1_106' title='bbox 513 1210 689 1250; x_wconf 88' lang='lat' dir='ltr'>productis,</span> <span class='ocrx_word' id='word_1_107' title='bbox 715 1210 754 1240; x_wconf 90' lang='lat' dir='ltr'>ad</span> <span class='ocrx_word' id='word_1_108' title='bbox 783 1214 905 1250; x_wconf 86' lang='lat' dir='ltr'>partem</span> <span class='ocrx_word' id='word_1_109' title='bbox 940 1211 1131 1242; x_wconf 86' lang='lat' dir='ltr'>anteriorem</span> <span class='ocrx_word' id='word_1_110' title='bbox 1166 1211 1338 1243; x_wconf 84' lang='lat' dir='ltr'>dentatam.</span> 
     </span>
    </p>

    <p class='ocr_par' dir='ltr' id='par_1_5' title="bbox 705 1288 1631 1334">
     <span class='ocr_line' id='line_1_13' title="bbox 705 1288 1631 1334; baseline 0.004 -14"><span class='ocrx_word' id='word_1_111' title='bbox 705 1290 856 1321; x_wconf 82' lang='lat' dir='ltr'>Thoracis</span> <span class='ocrx_word' id='word_1_112' title='bbox 881 1291 960 1321; x_wconf 80' lang='lat' dir='ltr'>latit.</span> <span class='ocrx_word' id='word_1_113' title='bbox 986 1292 1090 1322; x_wconf 83' lang='lat' dir='ltr'>antice</span> <span class='ocrx_word' id='word_1_114' title='bbox 1114 1288 1286 1333; x_wconf 64' lang='lat' dir='ltr'>52⁰postice</span> <span class='ocrx_word' id='word_1_115' title='bbox 1314 1290 1391 1329; x_wconf 83' lang='lat'>17&#39;&#39;&#39;‚</span> <span class='ocrx_word' id='word_1_116' title='bbox 1418 1294 1527 1334; x_wconf 73' lang='lat' dir='ltr'>longit.</span> <span class='ocrx_word' id='word_1_117' title='bbox 1556 1290 1631 1323; x_wconf 84' lang='lat'>16&#39;&#39;&#39;.</span> 
     </span>
    </p>

    <p class='ocr_par' dir='ltr' id='par_1_6' title="bbox 291 1370 2053 2058">
     <span class='ocr_line' id='line_1_14' title="bbox 338 1370 2052 1413; baseline 0.002 -13"><span class='ocrx_word' id='word_1_118' title='bbox 338 1371 463 1401; x_wconf 84' lang='lat' dir='ltr'>Thorax</span> <span class='ocrx_word' id='word_1_119' title='bbox 498 1370 732 1411; x_wconf 86' lang='lat' dir='ltr'>complanatus,</span> <span class='ocrx_word' id='word_1_120' title='bbox 768 1370 920 1402; x_wconf 89' lang='lat' dir='ltr'>lateribus</span> <span class='ocrx_word' id='word_1_121' title='bbox 945 1375 976 1402; x_wconf 89' lang='lat' dir='ltr'>et</span> <span class='ocrx_word' id='word_1_122' title='bbox 999 1371 1104 1402; x_wconf 87' lang='lat' dir='ltr'>antice</span> <span class='ocrx_word' id='word_1_123' title='bbox 1134 1373 1277 1413; x_wconf 88' lang='lat' dir='ltr'>plicatus.</span> <span class='ocrx_word' id='word_1_124' title='bbox 1308 1374 1407 1404; x_wconf 88' lang='lat' dir='ltr'>Frons</span> <span class='ocrx_word' id='word_1_125' title='bbox 1430 1374 1600 1411; x_wconf 86' lang='lat' dir='ltr'>latissima,</span> <span class='ocrx_word' id='word_1_126' title='bbox 1625 1374 1760 1411; x_wconf 84' lang='lat' dir='ltr'>deflexa,</span> <span class='ocrx_word' id='word_1_127' title='bbox 1793 1374 1956 1404; x_wconf 78' lang='lat' dir='ltr'>dimidiam</span> <span class='ocrx_word' id='word_1_128' title='bbox 1982 1375 2052 1404; x_wconf 79' lang='lat' dir='ltr'>lati—</span> 
     </span>
     <span class='ocr_line' id='line_1_15' title="bbox 295 1450 2053 1495; baseline 0.002 -14"><span class='ocrx_word' id='word_1_129' title='bbox 295 1450 415 1481; x_wconf 84' lang='lat' dir='ltr'>tudinis</span> <span class='ocrx_word' id='word_1_130' title='bbox 428 1454 551 1491; x_wconf 86' lang='lat' dir='ltr'>partem</span> <span class='ocrx_word' id='word_1_131' title='bbox 575 1461 744 1492; x_wconf 88' lang='lat' dir='ltr'>superans,</span> <span class='ocrx_word' id='word_1_132' title='bbox 770 1462 904 1492; x_wconf 84' lang='lat' dir='ltr'>superne</span> <span class='ocrx_word' id='word_1_133' title='bbox 927 1452 961 1482; x_wconf 89' lang='lat' dir='ltr'>in</span> <span class='ocrx_word' id='word_1_134' title='bbox 985 1456 1122 1492; x_wconf 84' lang='lat' dir='ltr'>quatuor</span> <span class='ocrx_word' id='word_1_135' title='bbox 1144 1453 1233 1484; x_wconf 91' lang='lat' dir='ltr'>lobos</span> <span class='ocrx_word' id='word_1_136' title='bbox 1258 1453 1376 1484; x_wconf 81' lang='lat' dir='ltr'>divisus</span> <span class='ocrx_word' id='word_1_137' title='bbox 1400 1454 1483 1485; x_wconf 88' lang='lat' dir='ltr'>linea</span> <span class='ocrx_word' id='word_1_138' title='bbox 1506 1454 1614 1495; x_wconf 83' lang='lat' dir='ltr'>glabra</span> <span class='ocrx_word' id='word_1_139' title='bbox 1638 1455 1808 1492; x_wconf 84' lang='lat' dir='ltr'>carinatos,-</span> <span class='ocrx_word' id='word_1_140' title='bbox 1837 1466 1908 1495; x_wconf 86' lang='lat' dir='ltr'>pars</span> <span class='ocrx_word' id='word_1_141' title='bbox 1933 1455 2053 1485; x_wconf 78' lang='lat' dir='ltr'>deflexa</span> 
     </span>
     <span class='ocr_line' id='line_1_16' title="bbox 294 1530 2051 1575; baseline 0.003 -15"><span class='ocrx_word' id='word_1_142' title='bbox 294 1530 467 1561; x_wconf 84' lang='lat' dir='ltr'>tuberculis</span> <span class='ocrx_word' id='word_1_143' title='bbox 503 1535 534 1562; x_wconf 92' lang='lat' dir='ltr'>et</span> <span class='ocrx_word' id='word_1_144' title='bbox 558 1531 650 1562; x_wconf 89' lang='lat' dir='ltr'>lineis</span> <span class='ocrx_word' id='word_1_145' title='bbox 679 1532 854 1572; x_wconf 85' lang='lat' dir='ltr'>granulatis</span> <span class='ocrx_word' id='word_1_146' title='bbox 879 1536 1004 1569; x_wconf 85' lang='lat' dir='ltr'>ornata,</span> <span class='ocrx_word' id='word_1_147' title='bbox 1029 1533 1172 1574; x_wconf 82' lang='lat' dir='ltr'>margine</span> <span class='ocrx_word' id='word_1_148' title='bbox 1195 1534 1302 1564; x_wconf 83' lang='lat' dir='ltr'>antico</span> <span class='ocrx_word' id='word_1_149' title='bbox 1325 1534 1483 1565; x_wconf 87' lang='lat' dir='ltr'>levissime</span> <span class='ocrx_word' id='word_1_150' title='bbox 1507 1535 1649 1572; x_wconf 86' lang='lat' dir='ltr'>sinuato,</span> <span class='ocrx_word' id='word_1_151' title='bbox 1674 1535 1789 1575; x_wconf 88' lang='lat' dir='ltr'>glabro.</span> <span class='ocrx_word' id='word_1_152' title='bbox 1815 1555 1857 1558; x_wconf 77' lang='lat'>—-</span> <span class='ocrx_word' id='word_1_153' title='bbox 1881 1536 2051 1566; x_wconf 85' lang='lat' dir='ltr'>Chelarum</span> 
     </span>
     <span class='ocr_line' id='line_1_17' title="bbox 294 1612 2051 1655; baseline 0.003 -14"><span class='ocrx_word' id='word_1_154' title='bbox 294 1612 510 1642; x_wconf 84' lang='lat' dir='ltr'>trochanteres</span> <span class='ocrx_word' id='word_1_155' title='bbox 545 1613 637 1653; x_wconf 88' lang='lat' dir='ltr'>spina</span> <span class='ocrx_word' id='word_1_156' title='bbox 667 1613 762 1643; x_wconf 81' lang='lat' dir='ltr'>unica</span> <span class='ocrx_word' id='word_1_157' title='bbox 797 1613 831 1643; x_wconf 91' lang='lat' dir='ltr'>in</span> <span class='ocrx_word' id='word_1_158' title='bbox 862 1617 951 1653; x_wconf 89' lang='lat' dir='ltr'>parte</span> <span class='ocrx_word' id='word_1_159' title='bbox 981 1614 1146 1645; x_wconf 86' lang='lat' dir='ltr'>anteriore.</span> <span class='ocrx_word' id='word_1_160' title='bbox 1184 1615 1319 1646; x_wconf 86' lang='lat' dir='ltr'>Brachia</span> <span class='ocrx_word' id='word_1_161' title='bbox 1343 1615 1481 1655; x_wconf 79' lang='lat' dir='ltr'>trigona,</span> <span class='ocrx_word' id='word_1_162' title='bbox 1513 1616 1638 1646; x_wconf 86' lang='lat' dir='ltr'>interne</span> <span class='ocrx_word' id='word_1_163' title='bbox 1662 1617 1767 1647; x_wconf 84' lang='lat' dir='ltr'>antice</span> <span class='ocrx_word' id='word_1_164' title='bbox 1789 1617 1823 1647; x_wconf 89' lang='lat' dir='ltr'>in</span> <span class='ocrx_word' id='word_1_165' title='bbox 1847 1617 1974 1647; x_wconf 87' lang='lat' dir='ltr'>cristam</span> <span class='ocrx_word' id='word_1_166' title='bbox 1999 1628 2051 1647; x_wconf 82' lang='lat' dir='ltr'>ex—</span> 
     </span>
     <span class='ocr_line' id='line_1_18' title="bbox 293 1692 2050 1737; baseline 0.002 -16"><span class='ocrx_word' id='word_1_167' title='bbox 293 1703 390 1731; x_wconf 87' lang='lat' dir='ltr'>pansa</span> <span class='ocrx_word' id='word_1_168' title='bbox 414 1692 553 1730; x_wconf 85' lang='lat' dir='ltr'>brevem,</span> <span class='ocrx_word' id='word_1_169' title='bbox 578 1692 824 1730; x_wconf 78' lang='lat' dir='ltr'>denticulatam3</span> <span class='ocrx_word' id='word_1_170' title='bbox 849 1698 941 1725; x_wconf 84' lang='lat' dir='ltr'>acute</span> <span class='ocrx_word' id='word_1_171' title='bbox 964 1694 1120 1731; x_wconf 81' lang='lat' dir='ltr'>ean‘nata,</span> <span class='ocrx_word' id='word_1_172' title='bbox 1146 1695 1260 1726; x_wconf 83' lang='lat' dir='ltr'>carinis</span> <span class='ocrx_word' id='word_1_173' title='bbox 1285 1696 1439 1736; x_wconf 87' lang='lat' dir='ltr'>superiori</span> <span class='ocrx_word' id='word_1_174' title='bbox 1454 1699 1486 1726; x_wconf 90' lang='lat' dir='ltr'>et</span> <span class='ocrx_word' id='word_1_175' title='bbox 1510 1697 1657 1727; x_wconf 81' lang='lat' dir='ltr'>exteriori</span> <span class='ocrx_word' id='word_1_176' title='bbox 1671 1696 1936 1727; x_wconf 83' lang='lat' dir='ltr'>dentato-incisis.</span> <span class='ocrx_word' id='word_1_177' title='bbox 1958 1697 2050 1737; x_wconf 82' lang='lat' dir='ltr'>Carpi</span> 
     </span>
     <span class='ocr_line' id='line_1_19' title="bbox 293 1772 2051 1817; baseline 0.002 -16"><span class='ocrx_word' id='word_1_178' title='bbox 293 1772 507 1810; x_wconf 88' lang='lat' dir='ltr'>rhomboidei,</span> <span class='ocrx_word' id='word_1_179' title='bbox 540 1773 656 1814; x_wconf 77' lang='lat' dir='ltr'>angulo</span> <span class='ocrx_word' id='word_1_180' title='bbox 688 1774 842 1814; x_wconf 88' lang='lat' dir='ltr'>superiori</span> <span class='ocrx_word' id='word_1_181' title='bbox 872 1775 1068 1815; x_wconf 90' lang='lat' dir='ltr'>unispinoso.</span> <span class='ocrx_word' id='word_1_182' title='bbox 1100 1776 1219 1805; x_wconf 86' lang='lat' dir='ltr'>Manus</span> <span class='ocrx_word' id='word_1_183' title='bbox 1246 1786 1360 1816; x_wconf 81' lang='lat' dir='ltr'>parvae</span> <span class='ocrx_word' id='word_1_184' title='bbox 1388 1776 1427 1806; x_wconf 90' lang='lat' dir='ltr'>ad</span> <span class='ocrx_word' id='word_1_185' title='bbox 1462 1776 1615 1817; x_wconf 84' lang='lat' dir='ltr'>angulum</span> <span class='ocrx_word' id='word_1_186' title='bbox 1647 1777 1788 1817; x_wconf 82' lang='lat' dir='ltr'>granulis</span> <span class='ocrx_word' id='word_1_187' title='bbox 1813 1777 2051 1817; x_wconf 52' lang='lat' dir='ltr'>spiniformibus</span> 
     </span>
     <span class='ocr_line' id='line_1_20' title="bbox 294 1849 2051 1898; baseline 0.003 -16"><span class='ocrx_word' id='word_1_188' title='bbox 294 1852 468 1892; x_wconf 87' lang='lat' dir='ltr'>praeditae,</span> <span class='ocrx_word' id='word_1_189' title='bbox 504 1849 612 1894; x_wconf 84' lang='lat' dir='ltr'>digitis</span> <span class='ocrx_word' id='word_1_190' title='bbox 638 1854 787 1885; x_wconf 86' lang='lat' dir='ltr'>laevibus.</span> <span class='ocrx_word' id='word_1_191' title='bbox 812 1873 855 1877; x_wconf 77' lang='lat'><strong>—</strong></span> <span class='ocrx_word' id='word_1_192' title='bbox 880 1855 980 1886; x_wconf 87' lang='lat' dir='ltr'>Pedes</span> <span class='ocrx_word' id='word_1_193' title='bbox 1011 1856 1196 1896; x_wconf 80' lang='lat' dir='ltr'>compressi,</span> <span class='ocrx_word' id='word_1_194' title='bbox 1232 1856 1404 1887; x_wconf 82' lang='lat' dir='ltr'>femoribus</span> <span class='ocrx_word' id='word_1_195' title='bbox 1427 1857 1631 1888; x_wconf 81' lang='lat' dir='ltr'>transversim</span> <span class='ocrx_word' id='word_1_196' title='bbox 1666 1857 1805 1898; x_wconf 82' lang='lat' dir='ltr'>plicatis,</span> <span class='ocrx_word' id='word_1_197' title='bbox 1841 1868 1977 1898; x_wconf 86' lang='lat' dir='ltr'>superne</span> <span class='ocrx_word' id='word_1_198' title='bbox 2012 1858 2051 1887; x_wconf 79' lang='lat' dir='ltr'>ad</span> 
     </span>
     <span class='ocr_line' id='line_1_21' title="bbox 291 1934 2051 1977; baseline 0.003 -14"><span class='ocrx_word' id='word_1_199' title='bbox 291 1934 524 1964; x_wconf 80' lang='lat' dir='ltr'>extremitatem</span> <span class='ocrx_word' id='word_1_200' title='bbox 549 1935 759 1975; x_wconf 88' lang='lat' dir='ltr'>unispinosis,</span> <span class='ocrx_word' id='word_1_201' title='bbox 795 1936 938 1975; x_wconf 85' lang='lat' dir='ltr'>margine</span> <span class='ocrx_word' id='word_1_202' title='bbox 962 1936 1113 1976; x_wconf 85' lang='lat' dir='ltr'>superiori</span> <span class='ocrx_word' id='word_1_203' title='bbox 1139 1937 1244 1977; x_wconf 85' lang='lat' dir='ltr'>spinas</span> <span class='ocrx_word' id='word_1_204' title='bbox 1268 1936 1400 1967; x_wconf 79' lang='lat' dir='ltr'>mobiles</span> <span class='ocrx_word' id='word_1_205' title='bbox 1432 1938 1560 1968; x_wconf 80' lang='lat' dir='ltr'>ferente.</span> <span class='ocrx_word' id='word_1_206' title='bbox 1596 1938 1705 1968; x_wconf 87' lang='lat' dir='ltr'>Tibiae</span> <span class='ocrx_word' id='word_1_207' title='bbox 1729 1942 1818 1968; x_wconf 84' lang='lat' dir='ltr'>extus</span> <span class='ocrx_word' id='word_1_208' title='bbox 1844 1938 2051 1971; x_wconf 71' lang='lat' dir='ltr'>bicarinatae2</span> 
     </span>
     <span class='ocr_line' id='line_1_22' title="bbox 292 2015 1523 2058; baseline 0.002 -13"><span class='ocrx_word' id='word_1_209' title='bbox 292 2015 455 2045; x_wconf 86' lang='lat' dir='ltr'>metatarsi</span> <span class='ocrx_word' id='word_1_210' title='bbox 481 2015 598 2052; x_wconf 79' lang='lat' dir='ltr'>laeves,</span> <span class='ocrx_word' id='word_1_211' title='bbox 635 2015 753 2056; x_wconf 90' lang='lat' dir='ltr'>spinosi</span> <span class='ocrx_word' id='word_1_212' title='bbox 762 2029 769 2052; x_wconf 87' lang='lat'>‚·</span> <span class='ocrx_word' id='word_1_213' title='bbox 805 2016 879 2046; x_wconf 84' lang='lat' dir='ltr'>tarsi</span> <span class='ocrx_word' id='word_1_214' title='bbox 905 2017 1026 2057; x_wconf 85' lang='lat' dir='ltr'>magui,</span> <span class='ocrx_word' id='word_1_215' title='bbox 1062 2017 1160 2057; x_wconf 90' lang='lat' dir='ltr'>spinis</span> <span class='ocrx_word' id='word_1_216' title='bbox 1186 2017 1329 2058; x_wconf 88' lang='lat' dir='ltr'>pluribus</span> <span class='ocrx_word' id='word_1_217' title='bbox 1354 2018 1523 2058; x_wconf 77' lang='lat' dir='ltr'>praeditae.</span> 
     </span>
    </p>
   </div>
   <div class='ocr_carea' id='block_1_5' title="bbox 425 2097 797 2138">
    <p class='ocr_par' dir='ltr' id='par_1_7' title="bbox 425 2097 797 2138">
     <span class='ocr_line' id='line_1_23' title="bbox 425 2097 797 2138; baseline 0.005 -13"><span class='ocrx_word' id='word_1_218' title='bbox 425 2097 522 2126; x_wconf 76' lang='lat' dir='ltr'>Lecta</span> <span class='ocrx_word' id='word_1_219' title='bbox 543 2107 639 2137; x_wconf 92' lang='lat' dir='ltr'>prope</span> <span class='ocrx_word' id='word_1_220' title='bbox 664 2097 797 2138; x_wconf 70' lang='lat' dir='ltr'>Boutry.</span> 
     </span>
    </p>
   </div>
   <div class='ocr_carea' id='block_1_6' title="bbox 679 2243 1665 2362">
    <p class='ocr_par' dir='ltr' id='par_1_8' title="bbox 679 2243 1665 2362">
     <span class='ocr_line' id='line_1_24' title="bbox 679 2243 1665 2285; baseline 0.003 -11"><span class='ocrx_word' id='word_1_221' title='bbox 679 2243 817 2284; x_wconf 81' lang='lat' dir='ltr'>Subgen</span> <span class='ocrx_word' id='word_1_222' title='bbox 844 2245 1053 2275; x_wconf 69' lang='lat' dir='ltr'>SEs.iRMA</span> <span class='ocrx_word' id='word_1_223' title='bbox 1080 2255 1149 2275; x_wconf 57' lang='lat' dir='ltr'>sun</span> <span class='ocrx_word' id='word_1_224' title='bbox 1177 2246 1467 2285; x_wconf 75' lang='lat' dir='ltr'>(PACHYSOMA</span> <span class='ocrx_word' id='word_1_225' title='bbox 1495 2247 1665 2285; x_wconf 70' lang='lat' dir='ltr'>DEHAAN).</span> 
     </span>
     <span class='ocr_line' id='line_1_25' title="bbox 956 2338 1384 2362; baseline 0.002 -1"><span class='ocrx_word' id='word_1_226' title='bbox 956 2338 1106 2361; x_wconf 66' lang='lat' dir='ltr'>SESARMA</span> <span class='ocrx_word' id='word_1_227' title='bbox 1126 2339 1292 2362; x_wconf 75' lang='lat' dir='ltr'>AFRICANA</span> <span class='ocrx_word' id='word_1_228' title='bbox 1312 2340 1384 2362; x_wconf 55' lang='lat' dir='ltr'>Enw.</span> 
     </span>
    </p>
   </div>
   <div class='ocr_carea' id='block_1_7' title="bbox 696 2418 1636 2459">
    <p class='ocr_par' dir='ltr' id='par_1_9' title="bbox 696 2418 1636 2459">
     <span class='ocr_line' id='line_1_26' title="bbox 696 2418 1636 2459; baseline 0.003 -13"><span class='ocrx_word' id='word_1_229' title='bbox 696 2418 784 2446; x_wconf 74' lang='lat' dir='ltr'>Miluo</span> <span class='ocrx_word' id='word_1_230' title='bbox 808 2419 950 2452; x_wconf 56' lang='lat' dir='ltr'>Edwards,</span> <span class='ocrx_word' id='word_1_231' title='bbox 975 2420 1049 2448; x_wconf 71' lang='lat' dir='ltr'>Hist.</span> <span class='ocrx_word' id='word_1_232' title='bbox 1074 2426 1130 2448; x_wconf 77' lang='lat' dir='ltr'>nat.</span> <span class='ocrx_word' id='word_1_233' title='bbox 1154 2420 1200 2448; x_wconf 73' lang='lat' dir='ltr'>des</span> <span class='ocrx_word' id='word_1_234' title='bbox 1224 2421 1315 2448; x_wconf 81' lang='lat' dir='ltr'>Crust.</span> <span class='ocrx_word' id='word_1_235' title='bbox 1339 2422 1419 2449; x_wconf 69' lang='lat' dir='ltr'>Tam.</span> <span class='ocrx_word' id='word_1_236' title='bbox 1443 2421 1481 2449; x_wconf 93' lang='grc' dir='ltr'>ΙΙ.</span> <span class='ocrx_word' id='word_1_237' title='bbox 1505 2432 1566 2459; x_wconf 69' lang='lat' dir='ltr'>pag.</span> <span class='ocrx_word' id='word_1_238' title='bbox 1593 2424 1636 2451; x_wconf 67' lang='lat'>7³.</span> 
     </span>
    </p>
   </div>
   <div class='ocr_carea' id='block_1_8' title="bbox 423 2493 795 2536">
    <p class='ocr_par' dir='ltr' id='par_1_10' title="bbox 423 2493 795 2536">
     <span class='ocr_line' id='line_1_27' title="bbox 423 2493 795 2536; baseline 0.008 -14"><span class='ocrx_word' id='word_1_239' title='bbox 423 2493 520 2522; x_wconf 75' lang='lat' dir='ltr'>Lecta</span> <span class='ocrx_word' id='word_1_240' title='bbox 546 2504 641 2534; x_wconf 84' lang='lat' dir='ltr'>prope</span> <span class='ocrx_word' id='word_1_241' title='bbox 666 2494 795 2536; x_wconf 75' lang='lat' dir='ltr'>Boutry.</span> 
     </span>
    </p>
   </div>
  </div>
 </body>
</html>
